@TechReport{occi-core-12,
author = {Ralf Nyr{\'e}n and Andy Edmonds and Alexander Papaspyrou and Thijs Metsch},
title = {{Open Cloud Computing Interface -- Core}},
institution = {Open Grid Forum, OCCI-WG},
year = {2011},
month = apr,
type = {Specification Document},
number = {GFD-P-R.183},
note={errata update available at \url{http://redmine.ogf.org/projects/occi-wg/repository/show?rev=core-errata}}
}

@TechReport{occi-infrastructure-12,
author = {Thijs Metsch and Andy Edmonds},
title = {{Open Cloud Computing Interface -- Infrastructure}},
institution = {Open Grid Forum, OCCI-WG},
year = {2010},
month = oct,
type = {Specification Document},
number = {GFD-P-R.184},
OPTurl= {http://ogf.org/documents/GFD.184.pdf}
}

@TechReport{occi-http-rendering,
author = {Thijs Metsch and Andy Edmonds},
title = {{Open Cloud Computing Interface -- HTTP Rendering}},
institution = {Open Grid Forum, OCCI-WG},
year = {2011},
month = apr,
type = {Specification Document},
number = {GFD-P-R.185},
OPTurl= {http://ogf.org/documents/GFD.185.pdf}
}



@article{jackson2002alloy,
  title={Alloy: a lightweight object modelling notation},
  author={Jackson, Daniel},
  journal={ACM Transactions on Software Engineering and Methodology (TOSEM)},
  volume={11},
  number={2},
  pages={256--290},
  year={2002},
  publisher={ACM}
}

@Book{jackson2012software,
author = {Daniel Jackson},
title = {{Software Abstractions: logic, language, and analysis}},
publisher = {MIT press},
year = {2012},
edition = {{Revised}},
}

@Misc{alloy-web-site,
key={alloy},
title = {{Alloy Analyser Web Site}},
url = {http://alloy.mit.edu},
}

@inproceedings{narain2005network,
  title={{Network Configuration Management via Model Finding}},
  author={Narain, Sanjai et al.},
  booktitle={LISA},
  volume={5},
  pages={15--15},
  year={2005}
}

@article{uml2alloy,
year={2010},
issn={1619-1366},
journal={Software and Systems Modeling},
volume={9},
number={1},
doi={10.1007/s10270-008-0110-3},
title={{On challenges of model transformation from UML to Alloy}},
OPTurl={http://dx.doi.org/10.1007/s10270-008-0110-3},
publisher={Springer-Verlag},
author={Anastasakis, Kyriakos and Bordbar, Behzad and Georg, Geri and Ray, Indrakshi},
pages={69-86},
language={English}
}

@techreport{merle:inria-00338987,
    hal_id = {inria-00338987},
    url = {http://hal.inria.fr/inria-00338987},
    title = {{A formal specification of the Fractal component model in Alloy}},
    author = {Merle, Philippe and Stefani, Jean-Bernard},
    abstract = {{This report contains a formal specification of the Fractal component model using the Alloy specification language. The report covers all the elements of the (informal) reference specification of the Fractal model. It provides a truly language-independent specification of the Fractal model, and lifts the ambiguities of the reference specification.}},
    keywords = {Software components;component model;formal specification;software architecture;Fractal component model;Alloy specification language},
    language = {Anglais},
    affiliation = {ADAM - INRIA Lille - Nord Europe , Laboratoire d'Informatique de Grenoble - LIG , SARDES - INRIA Grenoble Rh{\^o}ne-Alpes / LIG Laboratoire d'Informatique de Grenoble},
    pages = {44},
    type = {Research Report},
    institution = {Inria},
    number = {RR-6721},
    year = {2008},
    pdf = {http://hal.inria.fr/inria-00338987/PDF/Fractal-Alloy.pdf},
}

@inproceedings{marinov2001testera,
  title={{TestEra: A novel framework for automated testing of Java programs}},
  author={Marinov, Darko and Khurshid, Sarfraz},
  booktitle={Proceedings of 16th Annual International Conference on Automated Software Engineering (ASE 2001)},
  pages={22--31},
  year={2001},
  organization={IEEE}
}

@TechReport{omg-idl,
author = {OMG},
title = {{Interface Definition Language, Version 3.5}},
institution = {Object Management Group (OMG)},
year = {2014},
type = {OMG Specification},
number = {OMG Document Number: formal/2014-03-01},
month = mar,
url = {http://www.omg.org/spec/IDL/3.5},
}

@TechReport{xml-schema-datatypes,
author = {David Peterson and Shudi (Sandy) Gao and Ashok Malhotra and C. M. Sperberg-McQueen and Henry S. Thompson},
title = {{W3C XML Schema Definition Language (XSD) 1.1 Part 2: Datatypes}},
institution = {World Wide Web Consortium (W3C)},
year = {2012},
type = {W3C recommendation},
month = apr,
url = {http://www.w3.org/TR/2012/REC-xmlschema11-2-20120405},
}

@InProceedings{medhioub2013ocni,
author = {Houssem Medhioub and Bilel Msekni and Djamal Zeghlache},
title = {{OCNI -- Open Cloud Networking Interface}},
booktitle = {Proceeding of 22nd International Conference on Computer Communications and Networks (ICCCN)},
pages = {1--8},
year = {2013},
OPTmonth = {•},
publisher = {IEEE},
}

@Misc{erocci-website,
author = {Parpaillon, Jean},
title = {{Erocci Web Site}},
month = may,
year = {2014},
url = {http:///jeanparpaillon.github.io/erocci/}
}

@INPROCEEDINGS{morin09a,
author = {Morin, Brice and Barais, Olivier and Nain, Gregory and Jezequel, Jean-Marc},
title = {{Taming Dynamically Adaptive Systems with Models and Aspects}},
booktitle = {ICSE’09: 31st International Conference on Software Engineering},
year = {2009},
address = {Vancouver, Canada},
month = {May}
}

@article{leger2010reliable,
  title={Reliable dynamic reconfigurations in a reflective component model},
  author={L{\'e}ger, Marc and Ledoux, Thomas and Coupaye, Thierry},
  journal={Component-Based Software Engineering},
  pages={74--92},
  year={2010},
  publisher={Springer}
}

@inproceedings{xadl,
	Acmid = {581374},
	Address = {New York, NY, USA},
	Author = {Dashofy, Eric M. and van der Hoek, Andr\'{e} and Taylor, Richard N.},
	Booktitle = {24th International Conference on Software Engineering},
	Isbn = {1-58113-472-X},
	Location = {Orlando, Florida},
	Pages = {266--276},
	Publisher = {ACM},
	Series = {ICSE '02},
	Title = {{An infrastructure for the rapid development of XML-based architecture description languages}},
	Year = {2002}}

@article{Medvidovic:2000,
	Acmid = {331527},
	Address = {Piscataway, NJ, USA},
	Author = {Medvidovic, Nenad and Taylor, Richard N.},
	Doi = {10.1109/32.825767},
	Issn = {0098-5589},
	Issue = {1},
	Journal = {IEEE Trans. Softw. Eng.},
	Keywords = {Software architecture, architecture description language, component, connector, configuration, definition, classification, comparison.},
	Month = {January},
	Numpages = {24},
	Pages = {70--93},
	Publisher = {IEEE Press},
	Title = {{A Classification and Comparison Framework for Software Architecture Description Languages}},
	Volume = {26},
	Year = {2000},
	Bdsk-Url-1 = {http://dx.doi.org/10.1109/32.825767}}

@article{SEINTURIER:2011:INRIA-00567442:1,
	Abstract = {{The Service Component Architecture (SCA) is a technology-independent standard for developing distributed Service-Oriented Architectures (SOA). The SCA standard promotes the use of components and architecture descriptors, and mostly covers the life-cycle steps of implementation and deployment. Unfortunately, SCA does not address the governance of SCA applications and provides no support for the maintenance of deployed components. This article covers this issue and introduces the FRASCATI platform, a run-time support for SCA with dynamic reconfiguration capabilities and run-time management features. The article presents the internal component-based architecture of the FRASCATI platform, and highlights its key features. The component-based design of the FRASCATI platform introduces many degrees of flexibility and configurability in the platform itself and for the SOA applications it can host. The article reports on micro-benchmarks highlighting that run-time manageability in the FRASCATI platform does not decrease its performance when compared to the de facto reference SCA implementation: Apache TUSCANY. Finally, a smart home scenario illustrates the extension capabilities and the various reconfigurations of the FRASCATI platform.}},
	Affiliation = {ADAM - INRIA Lille - Nord Europe - INRIA - CNRS : UMR8022 - Universit{\'e} des Sciences et Technologies de Lille - Lille I - Laboratoire d'Informatique Fondamentale de Lille - LIFL - CNRS : UMR8022 - INRIA - IRCICA - Universit{\'e} des Sciences et Technologies de Lille - Lille I - Universit{\'e} Lille 1 - Universit{\'e} Lille 1 - SARDES - INRIA Grenoble Rh{\^o}ne-Alpes / LIG Laboratoire d'Informatique de Grenoble - INRIA - Institut National Polytechnique de Grenoble - INPG - Universit{\'e} Joseph Fourier - Grenoble I - Universit{\'e} Pierre Mend{\`e}s-France - Grenoble II - CNRS : UMR5217 - Laboratoire d'Informatique de Grenoble - LIG - CNRS : UMR5217 - INRIA - Universit{\'e} Pierre Mend{\`e}s-France - Grenoble II - Universit{\'e} Joseph Fourier - Grenoble I - Institut Polytechnique de Grenoble},
	Audience = {internationale},
	Author = {Seinturier, Lionel and Merle, Philippe and Rouvoy, Romain and Romero, Daniel and Schiavoni, Valerio and Stefani, Jean-Bernard},
	Hal_Id = {inria-00567442},
	Journal = {Software: Practice and Experience},
	Language = {Anglais},
	Publisher = {Wiley},
	Title = {{A Component-Based Middleware Platform for Reconfigurable Service-Oriented Architectures}},
	Year = {2011}}




@inproceedings{Alvaro:2011,
Author = {Peter Alvaro and Neil Conway and Joe Hellerstein and William R. Marczak},
Bibsource = {DBLP, http://dblp.uni-trier.de},
Booktitle = {CIDR},
Crossref = {DBLP:conf/cidr/2011},
Date-Added = {2011-12-03 10:35:30 +0000},
Date-Modified = {2011-12-03 10:35:50 +0000},
Ee = {http://www.cidrdb.org/cidr2011/Papers/CIDR11_Paper35.pdf},
Pages = {249-260},
Title = {Consistency Analysis in Bloom: a CALM and Collected Approach},
Year = {2011}}

@proceedings{DBLP:conf/cidr/2011,
Bibsource = {DBLP, http://dblp.uni-trier.de},
Booktitle = {CIDR},
Date-Added = {2011-12-03 10:35:30 +0000},
Date-Modified = {2011-12-03 10:35:30 +0000},
Publisher = {www.crdrdb.org},
Title = {CIDR 2011, Fifth Biennial Conference on Innovative Data Systems Research, Asilomar, CA, USA, January 9-12, 2011, Online Proceedings},
Year = {2011}}


@inproceedings{sledziewski2010dsl,
	Author = {Sledziewski, K. and Bordbar, B. and Anane, R.},
	Booktitle = {IEEE International Conference on Advanced Information Networking and Applications},
	Organization = {IEEE},
	Pages = {414--421},
	Title = {A DSL-based Approach to Software Development and Deployment on Cloud},
	Year = {2010}}

@article{Shaw1990119,
title = "Toward higher-level abstractions for software systems",
journal = "Data \& Knowledge Engineering ",
volume = "5",
number = "2",
pages = "119 - 128",
year = "1990",
note = "",
issn = "0169-023X",
doi = "http://dx.doi.org/10.1016/0169-023X(90)90008-2",
url = "http://www.sciencedirect.com/science/article/pii/0169023X90900082",
author = "Mary Shaw",
keywords = "Software architecture",
keywords = "Abstraction techniques "
}

@book{martin1983managing,
  title={Managing the Data Base Environment},
  author={Martin, J.},
  isbn={9780135505823},
  lccn={82016622},
  series={A James Martin book},
  url={http://books.google.fr/books?id=ymy4AAAAIAAJ},
  year={1983},
  publisher={Pearson Education, Limited}
}

@phdthesis{Fielding:2000:ASD:932295,
 author = {Fielding, Roy Thomas},
 title = {Architectural Styles and the Design of Network-based Software Architectures},
 year = {2000},
 isbn = {0-599-87118-0},
 note = {AAI9980887},
 publisher = {University of California, Irvine},
} 

@article{Moscato:2014:DTV:2600788.2544136,
 author = {Moscato, Mariano M. and Pombo, Carlos G. Lopez and Frias, Marcelo F.},
 title = {{Dynamite: A Tool for the Verification of Alloy Models Based on PVS}},
 journal = {ACM Trans. Softw. Eng. Methodol.},
 issue_date = {March 2014},
 volume = {23},
 number = {2},
 month = apr,
 year = {2014},
 issn = {1049-331X},
 pages = {20:1--20:37},
 articleno = {20},
 numpages = {37},
 url = {http://doi.acm.org/10.1145/2544136},
 doi = {10.1145/2544136},
 acmid = {2544136},
 publisher = {ACM},
 address = {New York, NY, USA},
 keywords = {Alloy, PVS, alloy calculus, unsat-cores},
} 

@book{steinberg2008emf,
  title={{EMF: Eclipse Modeling Framework}},
  author={Steinberg, Dave and Budinsky, Frank and Merks, Ed and Paternostro, Marcelo},
  year={2008},
  publisher={Pearson Education},
}

@InCollection{jezequel2011model,
  author={J{\'e}z{\'e}quel, Jean-Marc and Barais, Olivier and Fleurey, Franck},
  title={{Model Driven Language Engineering with Kermeta}},
  booktitle={Generative and Transformational Techniques in Software Engineering III},
  pages={201--221},
  publisher={Springer},
  year={2011},
}

@Misc{rfc2483,
title        = {{URI Resolution Services Necessary for URN Resolution}},
author       = {M. Mealling, R. Daniel Jr.},
howpublished = "IETF RFC 2483",
year         = 1999,
month        = Jan,
url          = {https://tools.ietf.org/rfc/rfc2483.txt},
}

@TechReport{occi-platform-specification,
author = {Sami Yangui, Mohamed Mohamed, Mohamed Sellami and Samir Tata},
title = {{Open Cloud Computing Interface -- Platform}},
institution = {Telecom SudParis},
year = {2013},
month = jul,
type = {Specification Document},
url= {http://www-inf.it-sudparis.eu/SIMBAD/tools/OCCI/docs/platform.pdf}
}

@article{mell2009nist,
  title={{The NIST definition of cloud computing}},
  author={Mell, Peter and Grance, Tim},
  journal={National Institute of Standards and Technology},
  volume={53},
  number={6},
  pages={50},
  year={2009},
  publisher={McKinsey Global Institute}
}

@article{armbrust2010view,
  title={A view of cloud computing},
  author={Armbrust, Michael and Fox, Armando and Griffith, Rean and Joseph, Anthony D and Katz, Randy and Konwinski, Andy and Lee, Gunho and Patterson, David and Rabkin, Ariel and Stoica, Ion and others},
  journal={Communications of the ACM},
  volume={53},
  number={4},
  pages={50--58},
  year={2010},
  publisher={ACM}
}

@article{yangui2013compatibleone,
  title={{CompatibleOne: The Open Source Cloud Broker}},
  author={Yangui, Sami and Marshall, Iain-James and Laisne, Jean-Pierre and Tata, Samir},
  journal={Journal of Grid Computing},
  pages={1--17},
  volume={12},
  number={1},
  year={2013},
  publisher={Springer}
}

@article{banerjee2011everything,
  title={{Everything as a Service: Powering the new information economy}},
  author={Banerjee, Prith and Bash, Cullen and Friedrich, Rich and Goldsack, Patrick and Huberman, Bernardo A and Manley, John and Patel, Chandrakant and Ranganathan, Partha and Veitch, Alistair},
  journal={Computer},
  volume={44},
  number={3},
  pages={36--43},
  year={2011},
  publisher={IEEE Computer Society}
}


@inproceedings{Cervantes:2004:AAD:998675.999465,
 author = {Cervantes, H. and Hall, Richard S.},
 title = {Autonomous Adaptation to Dynamic Availability Using a Service-Oriented Component Model},
 booktitle = {Proceedings of the 26th International Conference on Software Engineering},
 series = {ICSE '04},
 year = {2004},
 isbn = {0-7695-2163-0},
 pages = {614--623},
 numpages = {10},
 url = {http://dl.acm.org/citation.cfm?id=998675.999465},
 acmid = {999465},
 publisher = {IEEE Computer Society},
 address = {Washington, DC, USA},
}

@inproceedings{Cardellini:2009:QRA:1595696.1595718,
 author = {Cardellini, V. and Casalicchio, E. and Grassi, V. and Lo Presti, F.o and Mirandola, R.},
 title = {Qos-driven runtime adaptation of service oriented architectures},
 booktitle = {Proceedings of the the 7th joint meeting of the European software engineering conference and the ACM SIGSOFT symposium on The foundations of software engineering},
 series = {ESEC/FSE '09},
 year = {2009},
 isbn = {978-1-60558-001-2},
 location = {Amsterdam, The Netherlands},
 pages = {131--140},
 numpages = {10},
 url = {http://doi.acm.org/10.1145/1595696.1595718},
 doi = {10.1145/1595696.1595718},
 acmid = {1595718},
 publisher = {ACM},
 address = {New York, NY, USA},
 keywords = {quality of service, runtime adaptation, service-oriented architecture},
}

@inproceedings{eait12-autonomic,
  author = {R. Buyya and R. N. Calheiros and X. Li},
  title = {Autonomic Cloud Computing: Open Challenges and Architectural Elements},
  booktitle = {Proceedings of the 3rd International Conference on Emerging Applications of Information Technology (EAIT 2012)},
  address = {Kolkata, India},
  pages = {3--10},
  month = {Dec},
  publisher = {IEEE Computer Society},
  year = {2012}
}


@inproceedings{DBLP:conf/ccgrid/DastjerdiB12,
  author    = {A. Vahid Dastjerdi and
               R. Buyya},
  title     = {An Autonomous Reliability-Aware Negotiation Strategy for
               Cloud Computing Environments},
  booktitle = {CCGRID},
  year      = {2012},
  pages     = {284-291},
  ee        = {http://doi.ieeecomputersociety.org/10.1109/CCGrid.2012.101},
  crossref  = {DBLP:conf/ccgrid/2012},
  bibsource = {DBLP, http://dblp.uni-trier.de}
}
@proceedings{DBLP:conf/ccgrid/2012,
  title     = {12th IEEE/ACM International Symposium on Cluster, Cloud
               and Grid Computing, CCGrid 2012, Ottawa, Canada, May 13-16,
               2012},
  booktitle = {CCGRID},
  publisher = {IEEE},
  year      = {2012},
  isbn      = {978-1-4673-1395-7},
  ee        = {http://ieeexplore.ieee.org/xpl/mostRecentIssue.jsp?punumber=6217395},
  bibsource = {DBLP, http://dblp.uni-trier.de}
}


@proceedings{cbse-conference,
  editor    = {V. Grassi and
               R. Mirandola and
               N. Medvidovic and
               M. Larsson},
  title     = {Proceedings of the 15th ACM SIGSOFT Symposium on Component
               Based Software Engineering, CBSE 2012, part of Comparch
               '12 Federated Events on Component-Based Software Engineering
               and Software Architecture, Bertinoro, Italy, June 25-28,
               2012},
  booktitle = {CBSE},
  publisher = {ACM},
  year      = {2012},
  isbn      = {978-1-4503-1345-2},
  ee        = {http://dl.acm.org/citation.cfm?id=2304736},
  bibsource = {DBLP, http://dblp.uni-trier.de}
}

@inproceedings{Barmpis:2012:CAD:2467307.2467314,
 author = {Barmpis, K. and Kolovos, D. S.},
 title = {Comparative Analysis of Data Persistence Technologies for Large-scale Models},
 booktitle = {Proceedings of the 2012 Extreme Modeling Workshop},
 series = {XM '12},
 year = {2012},
 isbn = {978-1-4503-1804-4},
 location = {Innsbruck, Austria},
 pages = {33--38},
 numpages = {6},
 url = {http://doi.acm.org/10.1145/2467307.2467314},
 doi = {10.1145/2467307.2467314},
 acmid = {2467314},
 publisher = {ACM},
 address = {New York, NY, USA},
 keywords = {model-driven engineering, persistence, scalability},
} 


@INPROCEEDINGS{Bottaro4283920, 
author={Bottaro, A. and Bourcier, J. and Escoffier, C. and Lalanda, P.}, 
booktitle={Pervasive Services, IEEE International Conference on}, 
title={Context-Aware Service Composition in a Home Control Gateway}, 
year={2007}, 
pages={223-231}, 
keywords={home computing;internetworking;local area networks;mobile computing;context-aware service composition;home control gateway;open architecture;pervasive computing;service ambiguity;smart composing elements;Application software;Business;Computer architecture;Consumer electronics;Context-aware services;Home computing;Manufacturing;Pervasive computing;Protocols;Runtime;Service orientation;autonomic computing;serviceoriented component runtime}, 
doi={10.1109/PERSER.2007.4283920},}

@inproceedings{Alvaro:2011,
Author = {P. Alvaro and N. Conway and J. Hellerstein and W. R. Marczak},
Bibsource = {DBLP, http://dblp.uni-trier.de},
Booktitle = {CIDR},
Crossref = {DBLP:conf/cidr/2011},
Date-Added = {2011-12-03 10:35:30 +0000},
Date-Modified = {2011-12-03 10:35:50 +0000},
Ee = {http://www.cidrdb.org/cidr2011/Papers/CIDR11_Paper35.pdf},
Pages = {249-260},
Title = {Consistency Analysis in Bloom: a CALM and Collected Approach},
Year = {2011}}

@proceedings{DBLP:conf/cidr/2011,
Bibsource = {DBLP, http://dblp.uni-trier.de},
Booktitle = {CIDR},
Date-Added = {2011-12-03 10:35:30 +0000},
Date-Modified = {2011-12-03 10:35:30 +0000},
Publisher = {www.crdrdb.org},
Title = {CIDR 2011, Fifth Biennial Conference on Innovative Data Systems Research, Asilomar, CA, USA, January 9-12, 2011, Online Proceedings},
Year = {2011}}

@inproceedings{clark2005live,
	Author = {Clark, C. and Fraser, K. and Hand, S. and Hansen, J.G. and Jul, E. and Limpach, C. and Pratt, I. and Warfield, A.},
	Booktitle = {Proceedings of the 2nd conference on Symposium on Networked Systems Design \& Implementation-Volume 2},
	Organization = {USENIX Association},
	Pages = {273--286},
	Title = {Live migration of virtual machines},
	Year = {2005}}

@inproceedings{Oreizy:2008:RSA:1370175.1370181,
	Abstract = {Our ICSE 1998 paper showed how an application can be adapted at runtime by manipulating its architectural model. In particular, our paper demonstrated the beneficial role of (1) software connectors in aiding runtime change, (2) an explicit architectural model fielded with the system and used as the basis for runtime change, and (3) architectural style in providing both structural and behavioral constraints over runtime change. This paper examines runtime evolution in the decade hence. A broad framework for studying and describing evolution is introduced that serves to unify the wide range of work now found in the field of dynamic software adaptation. This paper also looks to the future, identifying what we believe to be highly promising directions.},
	Acmid = {1370181},
	Address = {New York, NY, USA},
	Author = {Oreizy, P. and Medvidovic, N. and Taylor, Richard N.},
	Booktitle = {Companion of the 30th international conference on Software engineering},
	Doi = {http://doi.acm.org/10.1145/1370175.1370181},
	Isbn = {978-1-60558-079-1},
	Keywords = {architectural styles, autonomic computing, software adaptation, software architecture, software evolution},
	Location = {Leipzig, Germany},
	Numpages = {12},
	Pages = {899--910},
	Publisher = {ACM},
	Series = {ICSE Companion '08},
	Title = {Runtime software adaptation: framework, approaches, and styles},
	Url = {http://doi.acm.org/10.1145/1370175.1370181},
	Year = {2008},
	Bdsk-Url-1 = {http://doi.acm.org/10.1145/1370175.1370181}}

@inproceedings{DBLP:conf/ccgrid/WallisHH10,
	Author = {M. Wallis and F. Henskens and M. Hannaford},
	Bibsource = {DBLP, http://dblp.uni-trier.de},
	Booktitle = {CCGRID},
	Crossref = {DBLP:conf/ccgrid/2010},
	Ee = {http://dx.doi.org/10.1109/CCGRID.2010.14},
	Pages = {569-570},
	Title = {Expanding the Cloud: A Component-Based Architecture to Application Deployment on the Internet},
	Year = {2010}}

@proceedings{DBLP:conf/ccgrid/2010,
	Bibsource = {DBLP, http://dblp.uni-trier.de},
	Booktitle = {CCGRID},
	Publisher = {IEEE},
	Title = {10th IEEE/ACM International Conference on Cluster, Cloud and Grid Computing, CCGrid 2010, 17-20 May 2010, Melbourne, Victoria, Australia},
	Year = {2010}}


@inproceedings{xadl,
	Acmid = {581374},
	Address = {New York, NY, USA},
	Author = {Dashofy, E. M. and van der Hoek, A. and Taylor, Richard N.},
	Booktitle = {24th International Conference on Software Engineering},
	Isbn = {1-58113-472-X},
	Location = {Orlando, Florida},
	Pages = {266--276},
	Publisher = {ACM},
	Series = {ICSE '02},
	Title = {{An infrastructure for the rapid development of XML-based architecture description languages}},
	Year = {2002}}

@article{Medvidovic:2000,
	Acmid = {331527},
	Address = {Piscataway, NJ, USA},
	Author = {Medvidovic, N. and Taylor, Richard N.},
	Doi = {10.1109/32.825767},
	Issn = {0098-5589},
	Issue = {1},
	Journal = {IEEE Trans. Softw. Eng.},
	Keywords = {Software architecture, architecture description language, component, connector, configuration, definition, classification, comparison.},
	Month = {January},
	Numpages = {24},
	Pages = {70--93},
	Publisher = {IEEE Press},
	Title = {{A Classification and Comparison Framework for Software Architecture Description Languages}},
	Volume = {26},
	Year = {2000},
	Bdsk-Url-1 = {http://dx.doi.org/10.1109/32.825767}}

@article{SEINTURIER:2011:INRIA-00567442:1,
	Abstract = {{The Service Component Architecture (SCA) is a technology-independent standard for developing distributed Service-Oriented Architectures (SOA). The SCA standard promotes the use of components and architecture descriptors, and mostly covers the life-cycle steps of implementation and deployment. Unfortunately, SCA does not address the governance of SCA applications and provides no support for the maintenance of deployed components. This article covers this issue and introduces the FRASCATI platform, a run-time support for SCA with dynamic reconfiguration capabilities and run-time management features. The article presents the internal component-based architecture of the FRASCATI platform, and highlights its key features. The component-based design of the FRASCATI platform introduces many degrees of flexibility and configurability in the platform itself and for the SOA applications it can host. The article reports on micro-benchmarks highlighting that run-time manageability in the FRASCATI platform does not decrease its performance when compared to the de facto reference SCA implementation: Apache TUSCANY. Finally, a smart home scenario illustrates the extension capabilities and the various reconfigurations of the FRASCATI platform.}},
	Affiliation = {ADAM - INRIA Lille - Nord Europe - INRIA - CNRS : UMR8022 - Universit{\'e} des Sciences et Technologies de Lille - Lille I - Laboratoire d'Informatique Fondamentale de Lille - LIFL - CNRS : UMR8022 - INRIA - IRCICA - Universit{\'e} des Sciences et Technologies de Lille - Lille I - Universit{\'e} Lille 1 - Universit{\'e} Lille 1 - SARDES - INRIA Grenoble Rh{\^o}ne-Alpes / LIG Laboratoire d'Informatique de Grenoble - INRIA - Institut National Polytechnique de Grenoble - INPG - Universit{\'e} Joseph Fourier - Grenoble I - Universit{\'e} Pierre Mend{\`e}s-France - Grenoble II - CNRS : UMR5217 - Laboratoire d'Informatique de Grenoble - LIG - CNRS : UMR5217 - INRIA - Universit{\'e} Pierre Mend{\`e}s-France - Grenoble II - Universit{\'e} Joseph Fourier - Grenoble I - Institut Polytechnique de Grenoble},
	Audience = {internationale},
	Author = {Seinturier, Lionel and Merle, Philippe and Rouvoy, Romain and Romero, Daniel and Schiavoni, Valerio and Stefani, Jean-Bernard},
	Hal_Id = {inria-00567442},
	Journal = {Software: Practice and Experience},
	Language = {Anglais},
	Publisher = {Wiley},
	Title = {{A Component-Based Middleware Platform for Reconfigurable Service-Oriented Architectures}},
	Year = {2011}}

@article{DBLP:journals/corr/abs-0907-4878,
	Author = {R. Buyya and R. Ranjan and R. N. Calheiros},
	Bibsource = {DBLP, http://dblp.uni-trier.de},
	Ee = {http://arxiv.org/abs/0907.4878},
	Journal = {CoRR},
	Title = {Modeling and Simulation of Scalable Cloud Computing Environments and the CloudSim Toolkit: Challenges and Opportunities},
	Volume = {abs/0907.4878},
	Year = {2009}}

@article{Rochwerger:2009:RMA:1850659.1850663,
	Acmid = {1850663},
	Address = {Riverton, NJ, USA},
	Author = {Rochwerger, B. and Breitgand, D. and Levy, E. and Galis, A. and Nagin, K. and Llorente, I. M. and Montero, R. and Wolfsthal, Y. and Elmroth, E. and C\'{a}ceres, J. and Ben-Yehuda, M. and Emmerich, W. and Gal\'{a}n, F.},
	Issn = {0018-8646},
	Issue = {4},
	Journal = {IBM J. Res. Dev.},
	Month = {July},
	Numpages = {11},
	Pages = {535--545},
	Publisher = {IBM Corp.},
	Title = {The reservoir model and architecture for open federated cloud computing},
	OPTUrl = {http://dl.acm.org/citation.cfm?id=1850659.1850663},
	Volume = {53},
	Year = {2009},
	Bdsk-Url-1 = {http://dl.acm.org/citation.cfm?id=1850659.1850663}}

@article{fscript,
	Abstract = {{Component-based systems must support dynamic reconfigurations to adapt to their execution context, but not at the cost of reliability. Fractal provides intrinsic support for dynamic reconfiguration, but its definition in terms of low-level APIs makes it complex to write reconfigurations and to ensure their reliability. This article presents a language-based approach to solve these issues: direct and focused language support for architecture navigation and reconfiguration make it easier both to write the reconfigurations and to ensure their reliability. Concretely, this article presents two languages: (1) FPath, a domain-specific language that provides a concise yet powerful notation to navigate inside and query Fractal architectures, and (2) FScript, a scripting language that embeds FPath and supports the definition of complex reconfigurations. FScript ensures the reliability of these reconfigurations thanks to sophisticated run-time control, which provides transactional semantics (ACID properties) to the reconfigurations.}},
	Affiliation = {Laboratoire d'Informatique de Nantes Atlantique - LINA - CNRS : UMR6241 - Universit{\'e} de Nantes - Ecole des Mines de Nantes - OBASCO - INRIA - EMN - INRIA - Ecole des Mines de Nantes - France T{\'e}l{\'e}com Recherche \& D{\'e}veloppement - FT R\&D - France T{\'e}l{\'e}com},
	Audience = {internationale},
	Author = {David, P-C. and Ledoux, T. and Coupaye, T. and L{\'e}ger, M.},
	Hal_Id = {hal-00468474},
	Journal = {Annales des telecommunications-annals of telecommunications},
	Language = {Anglais},
	Month = Dec,
	Number = {Numbers 1-2 / f{\'e}vrier 2009},
	Pages = {45-63},
	Title = {{FPath and FScript: Language support for navigation and reliable reconfiguration of Fractal architectures}},
	Url = {http://hal.archives-ouvertes.fr/hal-00468474/en/},
	Volume = {Volume 64},
	Year = {2008},
	Bdsk-Url-1 = {http://hal.archives-ouvertes.fr/hal-00468474/en/}}

@inproceedings{garlan92,
	Author = {D. Garlan and D. E. Perry},
	Bibsource = {DBLP, http://dblp.uni-trier.de},
	Booktitle = {ICSE},
	Ee = {http://portal.acm.org/citation.cfm?id=257734.257806},
	Pages = {363-364},
	Title = {Software Architecture: Practice, Potential, and Pitfalls},
	Year = {1994}}


@misc{amazon_system_running,
	Key = {{FAQ Amazon: How quickly will systems be running?}},
	Note = {\url{http://aws.amazon.com/en/ec2/faqs/#How_quickly_will_systems_be_running}},
	Title = {FAQ Amazon: How quickly will systems be running?}}

@inproceedings{DBLP:conf/icse/ZhangC06,
	Author = {Ji Zhang and Betty H. C. Cheng},
	Bibsource = {DBLP, http://dblp.uni-trier.de},
	Booktitle = {ICSE},
	Crossref = {DBLP:conf/icse/2006},
	Ee = {http://doi.acm.org/10.1145/1134337},
	Pages = {371-380},
	Title = {Model-based development of dynamically adaptive software},
	Year = {2006}}

@proceedings{DBLP:conf/icse/2006,
	Bibsource = {DBLP, http://dblp.uni-trier.de},
	Booktitle = {ICSE},
	Editor = {L. J. Osterweil and H. Dieter Rombach and M-L. Soffa},
	Isbn = {1-59593-375-1},
	Publisher = {ACM},
	Title = {28th International Conference on Software Engineering (ICSE 2006), Shanghai, China, May 20-28, 2006},
	Year = {2006}}

@article{10.1109/MC.2009.326,
	Address = {Los Alamitos, CA, USA},
	Author = {G. Blair and N. Bencomo and R. B. France},
	Doi = {http://doi.ieeecomputersociety.org/10.1109/MC.2009.326},
	Issn = {0018-9162},
	Journal = {Computer},
	Publisher = {IEEE Computer Society},
	Title = {Models@run.time},
	Volume = {42},
	number={10},
	Year = {2009},
	Bdsk-Url-1 = {http://doi.ieeecomputersociety.org/10.1109/MC.2009.326}}

@book{Duvall:2007:CII:1208841,
	Author = {Duvall, P. and Matyas, S. M. and Glover, A.},
	Isbn = {0321336380},
	Publisher = {Addison-Wesley Professional},
	Title = {Continuous Integration: Improving Software Quality and Reducing Risk (The Addison-Wesley Signature Series)},
	Year = {2007}}

@inproceedings{SEINTURIER:2009:INRIA-00397856:1,
	Abstract = {{The Service Component Architecture (SCA) is a technology agnostic standard for developing and deploying distributed service-oriented applications. However, SCA does not define standard means for runtime manageability (including introspection and reconfiguration) of SOA applications and of their supporting environment. This paper presents the FraSCAti platform, which brings runtime management features to SCA, and discusses key principles in its design: the adoption of an extended SCA component model for the implementation of SOA applications and of the FraSCAti platform itself; the use of component-based interception techniques for dynamically weaving non-functional services such as transaction management with components. The paper presents micro-benchmarks that show that runtime manageability in the FraSCAti platform is achieved without hindering its performance relative to the de facto reference SCA implementation, Apache's Tuscany.}},
	Address = {Bangalore, Inde},
	Affiliation = {Laboratoire d'Informatique Fondamentale de Lille - LIFL - CNRS : UMR8022 - INRIA - IRCICA - Universit{\'e} des Sciences et Technologies de Lille - Lille I - ADAM - INRIA Lille - Nord Europe - INRIA - CNRS : UMR8022 - Universit{\'e} des Sciences et Technologies de Lille - Lille I - SARDES - INRIA Grenoble Rh{\^o}ne-Alpes / LIG Laboratoire d'Informatique de Grenoble - INRIA - Institut National Polytechnique de Grenoble - INPG - Universit{\'e} Joseph Fourier - Grenoble I - Universit{\'e} Pierre Mend{\`e}s-France - Grenoble II - CNRS : UMR5217},
	Annote = {CORE A. Acceptance rate: 18\% (35/189).},
	Audience = {internationale},
	Author = {Seinturier, L. and Merle, P. and Fournier, D. and Dolet, N. and Schiavoni, V. and Stefani, J-B.},
	Booktitle = {{6th IEEE International Conference on Service Computing (SCC'09)}},
	Date-Modified = {2011-12-03 09:48:21 +0000},
	Hal_Id = {inria-00397856},
	Language = {Anglais},
	Organization = {IEEE},
	Pages = {268-275},
	Pdf = {http://hal.inria.fr/inria-00397856/PDF/frascati.pdf},
	Title = {{Reconfigurable SCA Applications with the FraSCAti Platform}},
	Url = {http://hal.inria.fr/inria-00397856/en/},
	Year = {2009},
	Bdsk-Url-1 = {http://hal.inria.fr/inria-00397856/en/}}

@book{Kolinski:2001:BPP:940719,
	Author = {Kolinski, J. and Press, B. and Chary, R. and Henroid, A.},
	Isbn = {0970284683},
	Publisher = {Intel Press},
	Title = {Building the Power-Efficient PC: A Developer's Guide to ACPI Power Management with CD-ROM},
	Year = {2001}}

@article{Armbrust:2010:VCC:1721654.1721672,
	Acmid = {1721672},
	Address = {New York, NY, USA},
	Author = {Armbrust, M. and Fox, A. and Griffith, R. and Joseph, A. D. and Katz, R. and Konwinski, A. and Lee, G. and Patterson, D. and Rabkin, A. and Stoica, I. and Zaharia, M.},
	Doi = {http://doi.acm.org/10.1145/1721654.1721672},
	Issn = {0001-0782},
	Issue = {4},
	Issue_Date = {April 2010},
	Journal = {Commun. ACM},
	Month = apr,
	Numpages = {9},
	Pages = {50--58},
	Publisher = {ACM},
	Title = {A view of cloud computing},
	Url = {http://doi.acm.org/10.1145/1721654.1721672},
	Volume = {53},
	Year = {2010},
	Bdsk-Url-1 = {http://doi.acm.org/10.1145/1721654.1721672}}

@misc{vserver,
	Key = {Linux VServer home page},
	Note = {\url{http://linux-vserver.org/}},
	Title = {Linux VServer home page}}

@inproceedings{Zhang05enablingsafe,
	Author = {J. Zhang and B. H. C. Cheng and Z. Yang and P. K. Mckinley},
	Booktitle = {in Architecting Dependable Systems III, Springer Lecture Notes for Computer Science},
	Pages = {194--211},
	Publisher = {Springer-Verlag},
	Title = {Enabling safe dynamic component-based software adaptation},
	Year = {2005}}

@misc{opennebula,
	Key = {OpenNebula home page},
	Note = {\url{http://opennebula.org/}},
	Title = {OpenNebula home page}}

@misc{openstack,
	Key = {OpenStack home page},
	Note = {\url{http://www.openstack.org/}},
	Title = {OpenStack home page}}
@misc{kevoree,
	Key = {Kevoree home page},
	Note = {\url{http://www.kevoree.org/}},
	Title = {Kevoree home page}}


@misc{amazonec2,
	Key = {Amazon elastic compute cloud (EC2)},
	Note = {\url{http://aws.amazon.com/ec2/}},
	Title = {Amazon elastic compute cloud (EC2)}}

@misc{gogrid,
	Key = {GoGrid home Page},
	Note = {\url{http://www.gogrid.com/}},
	Title = {GoGrid home Page}}

@inproceedings{iaas_adaptation,
	Address = {Bordeaux, France},
	Audience = {internationale},
	Author = {Riteau, P. and Morin, C. and Priol, T.},
	Booktitle = {{17th International European Conference on Parallel and Distributed Computing (Euro-Par 2011)}},
	Hal_Id = {inria-00600707},
	Pdf = {http://hal.inria.fr/inria-00600707/PDF/shrinker.pdf},
	Title = {{Shrinker: Improving Live Migration of Virtual Clusters over WANs with Distributed Data Deduplication and Content-Based Addressing}},
	Url = {http://hal.inria.fr/inria-00600707/en/},
	Year = {2011},
	Bdsk-Url-1 = {http://hal.inria.fr/inria-00600707/en/}}

@article{BlairBF09,
	Author = {G. S. Blair and N. Bencomo and R. B. France},
	Bibsource = {DBLP, http://dblp.uni-trier.de},
	Ee = {http://doi.ieeecomputersociety.org/10.1109/MC.2009.326},
	Journal = {IEEE Computer},
	Number = {10},
	Pages = {22-27},
	Title = {Models@run.time},
	Volume = {42},
	Year = {2009}}

@article{fractal,
	Address = {New York, NY, USA},
	Author = {E. Bruneton and T. Coupaye and M. Leclercq and V. Qu\'{e}ma and J-B. Stefani},
	Doi = {\url{http://dx.doi.org/10.1002/spe.v36:11/12}},
	Issn = {0038-0644},
	Journal = {Softw. Pract. Exper.},
	Number = {11-12},
	Pages = {1257--1284},
	Publisher = {John Wiley \& Sons, Inc.},
	Title = {The FRACTAL component model and its support in Java: Experiences with Auto-adaptive and Reconfigurable Systems},
	Volume = {36},
	Year = {2006},
	Bdsk-Url-1 = {%5Curl%7Bhttp://dx.doi.org/10.1002/spe.v36:11/12%7D}}

@article{opencom,
	Author = {Grace, P. and Blair, G.S. and Samuel, S.},
	Journal = {ACM SIGMOBILE Mobile Computing and Communications Review},
	Number = {1},
	Pages = {2--14},
	Publisher = {ACM},
	Title = {A reflective framework for discovery and interaction in heterogeneous mobile environments},
	Volume = {9},
	Year = {2005}}

@misc{sca,
	Key = {SCA},
	Month = {May},
	Note = {\url{http://www.ibm.com/developerworks/library/specification/ws-sca/}},
	Title = {SCA Specification},
	Year = {2009}}

@article{raj2006implementing,
	Author = {Raj, G.S. and Binod, PG and Babo, K. and Palkovic, R.},
	Journal = {Sun Microsystems, revision},
	Title = {Implementing Service-Oriented Architecture (SOA) with the Java EE 5 SDK},
	Volume = {3},
	Year = {2006}}

@inproceedings{fidge1988timestamps,
	Author = {Fidge, C.J.},
	Booktitle = {Proceedings of the 11th Australian Computer Science Conference},
	Number = {1},
	Pages = {56--66},
	Title = {Timestamps in message-passing systems that preserve the partial ordering},
	Volume = {10},
	Year = {1988}}

@article{lamport1978time,
	Author = {Lamport, L.},
	Journal = {Communications of the ACM},
	Number = {7},
	Pages = {558--565},
	Publisher = {ACM},
	Title = {Time, clocks, and the ordering of events in a distributed system},
	Volume = {21},
	Year = {1978}}

@article{mattern1989virtual,
	Author = {Mattern, F.},
	Journal = {Parallel and Distributed Algorithms},
	Pages = {215--226},
	Title = {Virtual time and global states of distributed systems},
	Year = {1989}}

@misc{voldemort,
	Note = {\url{http://project-voldemort.com}},
	Title = {Voldemort Project}}

@article{Cheng:1989:LEB:75247.75269,
	Acmid = {75269},
	Address = {New York, NY, USA},
	Author = {Cheng, C. and Riley, R. and Kumar, S. P. R. and Garcia-Luna-Aceves, J. J.},
	Doi = {http://doi.acm.org/10.1145/75247.75269},
	Issn = {0146-4833},
	Issue = {4},
	Issue_Date = {Sep. 1989},
	Journal = {SIGCOMM Comput. Commun. Rev.},
	Month = {August},
	Numpages = {13},
	Pages = {224--236},
	Publisher = {ACM},
	Title = {A loop-free extended Bellman-Ford routing protocol without bouncing effect},
	Url = {http://doi.acm.org/10.1145/75247.75269},
	Volume = {19},
	Year = {1989},
	Bdsk-Url-1 = {http://doi.acm.org/10.1145/75247.75269}}

@inproceedings{schollmeier2001definition,
	Author = {Schollmeier, R.},
	Booktitle = {Peer-to-Peer Computing, 2001. Proceedings. First International Conference on},
	Organization = {IEEE},
	Pages = {101--102},
	Title = {A definition of peer-to-peer networking for the classification of peer-to-peer architectures and applications},
	Year = {2001}}

@inproceedings{sykes2011flashmob,
	Author = {Sykes, D. and Magee, J. and Kramer, J.},
	Booktitle = {Proceeding of the 6th international symposium on Software engineering for adaptive and self-managing systems},
	Organization = {ACM},
	Pages = {100--109},
	Title = {FlashMob: distributed adaptive self-assembly},
	Year = {2011}}

@article{xie2008analysis,
	Author = {Xie, C. and Chen, G. and Vandenberg, A. and Pan, Y.},
	Journal = {Computer Communications},
	Number = {2},
	Pages = {190--200},
	Publisher = {Elsevier},
	Title = {Analysis of hybrid P2P overlay network topology},
	Volume = {31},
	Year = {2008}}

@article{morin09f,
	Address = {Los Alamitos, CA, USA},
	Author = {B. Morin and O. Barais and J-M. J\'{e}z\'{e}quel and F. Fleurey and A. Solberg},
	Doi = {http://doi.ieeecomputersociety.org/10.1109/MC.2009.327},
	Issn = {0018-9162},
	Journal = {Computer},
	Number = {10},
	Pages = {44-51},
	Publisher = {IEEE Computer Society},
	Title = {Models@ Run.time to Support Dynamic Adaptation},
	Volume = {42},
	Year = {2009},
	Bdsk-Url-1 = {http://doi.ieeecomputersociety.org/10.1109/MC.2009.327}}

@article{almeidainterval,
	Author = {Almeida, P.S. and Baquero, C. and Fonte, V.},
	Journal = {Principles of Distributed Systems},
	Pages = {259274},
	Publisher = {Citeseer},
	Title = {Interval Tree Clocks: A Logical Clock for Dynamic Systems}}

@article{baldoni2002fundamentals,
	Author = {Baldoni, R. and Raynal, M. and DIS, U.И.R.L.S.},
	Journal = {IEEE Distributed Systems Online},
	Number = {2},
	Pages = {1--18},
	Title = {Fundamentals of Distributed Computing},
	Volume = {3},
	Year = {2002}}

@article{leitao2010gossip,
	Author = {Leit{\~a}o, J. and Pereira, J. and Rodrigues, L.},
	Journal = {Handbook of Peer-to-Peer Networking},
	Pages = {831--860},
	Publisher = {Springer},
	Title = {Gossip-Based Broadcast},
	Year = {2010}}
	

@article{Woolf1996,
  title={The Type Object Pattern},
  author={Woolf, B. and Johnson, R.},
  journal={Pattern Languages of Program Design},
  volume={3},
  year={1996}
}

@inproceedings{fouquet:hal-00713769,
    url = {http://hal.inria.fr/hal-00713769},
    title = {{A Dynamic Component Model for Cyber Physical Systems}},
    author = {Fouquet, F. and Barais, O. and Plouzeau, N. and J{\'e}z{\'e}quel, J-. and Morin, B. and Fleurey, F.},
    affiliation = {TRISKELL - INRIA - IRISA , SINTEF},
    booktitle = {{15th International ACM SIGSOFT Symposium on Component Based Software Engineering}},
    year = {2012},
    month = July,
}

@inproceedings{fouquet:hal-00688707,
    url = {http://hal.inria.fr/hal-00688707},
    title = {{Dissemination of reconfiguration policies on mesh networks}},
    author = {Fouquet, F. and Daubert, E. and Plouzeau, N. and Barais, O. and Bourcier, J. and J{\'e}z{\'e}quel, J-M.},
    booktitle = {{DAIS 2012}},
    address = {Stockholm, Sweden},
    year = {2012},
    month = June,
}

@article{kephart2003,
  author = {J. O. Kephart and D. M. Chess},
  title = {The Vision of Autonomic Computing},
  journal = {Computer},
  year = {2003},
  volume = {36},
  pages = {41-50},
  number = {1},
  issn = {0018-9162}
}

@inproceedings{ensink2004coordinating,
  title={Coordinating adaptations in distributed systems},
  author={Ensink, B. and Adve, V.},
  booktitle={Distributed Computing Systems, 2004. Proceedings. 24th International Conference on},
  pages={446--455},
  year={2004},
  organization={IEEE}
}

@article{10.1109/CCGrid.2013.44,
author = {M. Simonin and E. Feller and A-C. Orgerie and Y. Jegou and C. Morin},
title = {An Autonomic and Scalable Management System for Private Clouds},
journal ={Cluster Computing and the Grid, IEEE International Symposium on},
volume = {0},
isbn = {978-1-4673-6465-2},
year = {2013},
pages = {198-199},
doi = {http://doi.ieeecomputersociety.org/10.1109/CCGrid.2013.44},
publisher = {IEEE Computer Society},
address = {Los Alamitos, CA, USA},
}




@conference{Hermenier2009,
  title={{Entropy: a consolidation manager for clusters}},
  author={Hermenier, F. and Lorca, X. and Menaud, J.M. and Muller, G. and Lawall, J.},
  booktitle={Proceedings of the 2009 ACM SIGPLAN/SIGOPS international conference on Virtual execution environments},
  pages={41--50},
  year={2009},
  organization={ACM}
}


@article{fischer1985impossibility,
  title={Impossibility of distributed consensus with one faulty process},
  author={Fischer, M.J. and Lynch, N.A. and Paterson, M.S.},
  journal={Journal of the ACM (JACM)},
  volume={32},
  number={2},
  pages={374--382},
  year={1985},
  publisher={ACM}
}

@inproceedings{Scandurra:2012:LCF:2245276.2245366,
 author = {Scandurra, P. and Raibulet, C. and Potena, P. and Mirandola, R. and Capilla, R.},
 title = {A layered coordination framework for optimizing resource allocation in adapting cloud-based applications},
 booktitle = {Proceedings of the 27th Annual ACM Symposium on Applied Computing},
 series = {SAC '12},
 year = {2012},
 isbn = {978-1-4503-0857-1},
 location = {Trento, Italy},
 pages = {471--472},
 numpages = {2},
 url = {http://doi.acm.org/10.1145/2245276.2245366},
 doi = {10.1145/2245276.2245366},
 acmid = {2245366},
 publisher = {ACM},
 address = {New York, NY, USA},
 keywords = {cloud computing, resource allocation, software adaptation},
} 

@inproceedings{tesauro2004multi,
  title={A multi-agent systems approach to autonomic computing},
  author={Tesauro, G. and Chess, D. M and Walsh, W. E. and Das, R. and Segal, A. and Whalley, I. and Kephart, J. O and White, Steve R},
  booktitle={Proceedings of the Third International Joint Conference on Autonomous Agents and Multiagent Systems-Volume 1},
  pages={464--471},
  year={2004},
  organization={IEEE Computer Society}
}

@incollection{fouquet2012eclipse,
  title={An eclipse modelling framework alternative to meet the models@ runtime requirements},
  author={Fouquet, F. and Nain, G. and Morin, B. and Daubert, E. and Barais, O. and Plouzeau, N. and J{\'e}z{\'e}quel, J-M.},
  booktitle={Model Driven Engineering Languages and Systems},
  pages={87--101},
  year={2012},
  publisher={Springer}
}

@misc{EC2-estimation,
  title={{Anatomy of an Amazon EC2 Resource ID}},
  author= {{Guy Rosen}},
  note = {\url{http://www.jackofallclouds.com/2009/09/anatomy-of-an-amazon-ec2-resource-id/} (last accessed on November, the 8th 2013)}
}

@misc{EC2-estimation1,
  title={{Amazon data center size}},
  author= {{Huan Liu}},
  note = {\url{http://huanliu.wordpress.com/2012/03/13/amazon-data-center-size/} (last accessed on October, the 16th 2012)}
}

@inproceedings{mao2012performance,
  title={A performance study on the vm startup time in the cloud},
  author={Mao, Ming and Humphrey, Marty},
  booktitle={Cloud Computing (CLOUD), 2012 IEEE 5th International Conference on},
  pages={423--430},
  year={2012},
  organization={IEEE}
}


@article{VanOmmering-et-al-00,
    address = {Los Alamitos, CA, USA},
    author = {van Ommering, R. and van der Linden, F. and Kramer, J. and Magee, J.},
    journal = {Computer},
    keywords = {component-based, koala, spl, variability},
    number = {3},
    pages = {78--85},
    publisher = {IEEE Computer Society Press},
    title = {{The Koala Component Model for Consumer Electronics Software}},
    volume = {33},
    year = {2000}
}


@article{baresi2006toward,
  address = {Los Alamitos, CA, USA},
  author = {Baresi, L. and Di Nitto, E. and Ghezzi, C.},
  journal = {Computer},
  keywords = {for:stair open software stair world},
  month = oct,
  number = 10,
  pages = {36--43},
  publisher = {IEEE Computer Society Press},
  title = {Toward Open-World Software: Issue and Challenges},
  volume = 39,
  year = 2006
}


@ARTICLE{bruneton06,
  author = {E. Bruneton and T. Coupaye and M. Leclercq and V. Qu\'{e}ma and J.B.
	Stefani},
  title = {{The FRACTAL Component Model and its Support in Java}},
  journal = {Software Practice and Experience, Special Issue on Experiences with
	Auto-adaptive and Reconfigurable Systems},
  year = {2006},
  volume = {36},
  pages = {1257--1284},
  number = {11-12},
  address = {New York, NY, USA},
  issn = {0038-0644},
  publisher = {John Wiley \& Sons, Inc.}
}

@INPROCEEDINGS{Coulson04acomponent,
    author = {G.off Coulson and G. Blair and P. Grace and A. Joolia and K. Lee and J. Ueyama},
    title = {A Component Model for Building Systems Software},
    booktitle = {In Proc. IASTED Software Engineering and Applications (SEA’04},
    year = {2004}
}


@misc{OSGI:r5,
	author ={{The OSGi Alliance}},
	title = {{OSGi Service Platform Core Specification, Release 5.0}},
	month = jun,
  year = {2012},
  note = {http://www.osgi.org/Specifications/},
  version = {5.0}
}


@INPROCEEDINGS{morin09a,
author = {Morin, B. and Barais, O. and Nain, G. and Jezequel, J-M.},
title = {{Taming Dynamically Adaptive Systems with Models and Aspects}},
booktitle = {ICSE’09: 31st International Conference on Software Engineering},
year = {2009},
address = {Vancouver, Canada},
month = {May}
}


@article{leger2010reliable,
  title={Reliable dynamic reconfigurations in a reflective component model},
  author={L{\'e}ger, M. and Ledoux, T. and Coupaye, T.},
  journal={Component-Based Software Engineering},
  pages={74--92},
  year={2010},
  publisher={Springer}
}


@article{David2009,
  title={{FPath and FScript: Language support for navigation and reliable reconfiguration of Fractal architectures}},
  author={{David, P.C. and Ledoux, T. and L{\'e}ger, M. and Coupaye, T.}},
  journal={Annals of Telecommunications},
  volume={64},
  number={1},
  pages={45--63},
  year={2009},
  publisher={Springer}
}


@article{Keahey2009,
  title={Sky computing},
  author={Keahey, K. and Tsugawa, M. and Matsunaga, A. and Fortes, J.},
  journal={Internet Computing, IEEE},
  volume={13},
  number={5},
  pages={43--51},
  year={2009},
  publisher={IEEE}
}


@article{Manset2006,
  title={A formal architecture-centric model-driven approach for the automatic generation of grid applications},
  author={Manset, D. and Verjus, H. and McClatchey, R. and Oquendo, F.},
  journal={Arxiv preprint cs/0601118},
  year={2006}
}


@inproceedings{Bunch2011,
  title={Neptune: a domain specific language for deploying hpc software on cloud platforms},
  author={Bunch, C. and Chohan, N. and Krintz, C. and Shams, K.},
  booktitle={Proceedings of the 2nd international workshop on Scientific cloud computing},
  pages={59--68},
  year={2011},
  organization={ACM}
}

@INPROCEEDINGS{FerryRossiniCMS13,
author = {N. Ferry and A. Rossini and F. Chauvel and B. Morin and A. Solberg},
title = {{Towards model-driven provisioning, deployment, monitoring, and adaptation of multi-cloud systems}},
booktitle = {IEEE 6th International Conference on Cloud Computing},
year = {2013}
}

@inproceedings{Georgiadis2002,
	Address = {New York, NY, USA},
	Author = {Georgiadis, I. and Magee, J. and Kramer, J.},
	Booktitle = {Proceedings of the first workshop on Self-healing systems},
	Pages = {33--38},
	Publisher = {ACM},
	Series = {WOSS '02},
	Title = {Self-organising software architectures for distributed systems},
	Year = {2002}
}


@inproceedings{Bruneton2002,
  title={Recursive and dynamic software composition with sharing},
  author={Bruneton, E. and Coupaye, T. and Stefani, J.B.},
  booktitle={Proceedings of the 7th ECOOP International Workshop on Component-Oriented Programming (WCOP’02)},
  pages={133--147},
  year={2002}
}

@article{Bencomo2009,
  title={Using architecture models to support the generation and operation of component-based adaptive systems},
  author={Bencomo, N. and Blair, G.},
  journal={Software engineering for self-adaptive systems},
  pages={183--200},
  year={2009},
  publisher={Springer}
}

@article{Romeo2006,
  title={Pauware: a state-based component model},
  author={Romeo, F. and Ballagny, C. and Barbier, F.},
  journal={Actes des Journ{\'e}es Composants (JC2006)},
  pages={1--10},
  year={2006}
}

@inproceedings{Morin2009,
  title={Taming Dynamically Adaptive Systems using models and aspects},
  author={Morin, B. and Barais, O. and Nain, G. and Jezequel, J.M.},
  booktitle={Proceedings of the 31st International Conference on Software Engineering},
  pages={122--132},
  year={2009},
  organization={IEEE Computer Society}
}

@article{Baude2009,
  author    = {Fran\c{c}oise Baude and Denis Caromel and C{\'e}dric Dalmasso and Marco Danelutto and Vladimir Getov and Ludovic Henrio and Christian P{\'e}rez},
  title     = {GCM: a grid extension to Fractal for autonomous distributed components},
  journal   = {Annales des T{\'e}l{\'e}communications},
  volume    = {64},
  number    = {1-2},
  year      = {2009},
  pages     = {5-24},
}


@inproceedings{frey2013search,
  title={Search-based genetic optimization for deployment and reconfiguration of software in the cloud},
  author={Frey, S. and Fittkau, F. and Hasselbring, W.},
  booktitle={Proceedings of the 2013 International Conference on Software Engineering},
  pages={512--521},
  year={2013},
  organization={IEEE Press}
}

@article{song2013model,
  title={Model driven engineering of cross-layer monitoring and adaptation},
  author={Song, H. and Raj, A. and Hajebi, S. and Clarke, S. and Clarke, A.},
  year={2013},
  publisher={INSTICC}
}


@inproceedings{kouki2011cross,
  title={Cross-layer SLA selection for cloud services},
  author={Kouki, Y. and Ledoux, T. and Sharrock, R.},
  booktitle={Network Cloud Computing and Applications (NCCA), 2011 First International Symposium on},
  pages={143--147},
  year={2011},
  organization={IEEE}
}

@inproceedings{popescu2010taxonomy,
  title={Taxonomy-driven adaptation of multi-layer applications using templates},
  author={Popescu, R. and Staikopoulos, A. and Liu, P. and Brogi, A. and Clarke, S.},
  booktitle={Self-Adaptive and Self-Organizing Systems (SASO), 2010 4th IEEE International Conference on},
  pages={213--222},
  year={2010},
  organization={IEEE}
}

@incollection{guinea2011multi,
  title={Multi-layered monitoring and adaptation},
  author={Guinea, S. and Kecskemeti, G. and Marconi, A. and Wetzstein, B.},
  booktitle={Service-Oriented Computing},
  pages={359--373},
  year={2011},
  publisher={Springer}
}


@inproceedings{Escoffier2007,
  title={iPOJO: An extensible service-oriented component framework},
  author={Escoffier, C. and Hall, R.S. and Lalanda, P.},
  booktitle={Services Computing, 2007. SCC 2007. IEEE International Conference on},
  pages={474--481},
  year={2007},
  organization={IEEE}
}

@inproceedings{Melisson2010,
 author = {M{\'e}lisson, R. and Merle, P. and Romero, D. and Rouvoy, R. and Seinturier, L.},
 title = {Reconfigurable run-time support for distributed service component architectures},
 booktitle = {Proceedings of the IEEE/ACM international conference on Automated software engineering},
 series = {ASE '10},
 year = {2010},
 pages = {171--172},
 publisher = {ACM},
 address = {New York, NY, USA},
}

@incollection{nwana1997co,
  title={Co-ordination in multi-agent systems},
  author={Nwana, Hyacinth S and Lee, L and Jennings, Nicholas R},
  booktitle={Software Agents and Soft Computing Towards Enhancing Machine Intelligence},
  pages={42--58},
  year={1997},
  publisher={Springer}
}

@inproceedings{simonin2013autonomic,
  title={An Autonomic and Scalable Management System for Private Clouds},
  author={Simonin, M. and Feller, E. and Orgerie, A and J{\'e}gou, Y. and Morin, C.},
  booktitle={Cluster, Cloud and Grid Computing (CCGrid), 2013 13th IEEE/ACM International Symposium on},
  pages={198--199},
  year={2013},
  organization={IEEE}
}

@article{davis2012cloud,
  title={{Cloud Infrastructure Management Interface (CIMI) Model and REST Interface over HTTP}},
  author={Davis, D and Pilz, G},
  journal={vol. DSP-0263},
  year={2012},
  month=may
}
